<record><leader>00000cas a22000007a 4500</leader><controlfield tag="001">17835240</controlfield><controlfield tag="008">880422d187518uunyudn ne      0    0eng d</controlfield><datafield ind1=" " ind2=" " tag="010"><subfield code="a">sn 88074474 </subfield></datafield><datafield ind1=" " ind2=" " tag="040"><subfield code="a">NYS</subfield><subfield code="b">eng</subfield><subfield code="c">NYS</subfield><subfield code="d">OCLCQ</subfield></datafield><datafield ind1=" " ind2=" " tag="042"><subfield code="a">msc</subfield></datafield><datafield ind1="0" ind2="4" tag="245"><subfield code="a">The Naples daily record.</subfield></datafield><datafield ind1=" " ind2=" " tag="260"><subfield code="a">Naples, N.Y. :</subfield><subfield code="b">s.n. Deyo &amp; Co.,</subfield><subfield code="c">1875-</subfield></datafield><datafield ind1=" " ind2=" " tag="300"><subfield code="a">v.</subfield></datafield><datafield ind1=" " ind2=" " tag="310"><subfield code="a">Daily (except Saturday and Sunday)</subfield></datafield><datafield ind1="0" ind2=" " tag="362"><subfield code="a">Vol. 1, no. 1 (Apr. 26, 1875)-</subfield></datafield><datafield ind1=" " ind2=" " tag="580"><subfield code="a">Issued in a weekly edition called: Naples record (Naples, N.Y. : 1870).</subfield></datafield><datafield ind1=" " ind2="4" tag="651"><subfield code="a">Naples (N.Y.)</subfield><subfield code="v">Newspapers.</subfield></datafield><datafield ind1=" " ind2=" " tag="752"><subfield code="a">United States</subfield><subfield code="b">New York</subfield><subfield code="c">Ontario</subfield><subfield code="d">Naples.</subfield></datafield><datafield ind1="1" ind2=" " tag="775"><subfield code="t">Naples record (Naples, N.Y. : 1870)</subfield><subfield code="w">(DLC)sn 85026828</subfield></datafield><datafield ind1="1" ind2=" " tag="029"><subfield code="a">AU@</subfield><subfield code="b">000020504143</subfield></datafield></record>